1817 3012
748 138 803 148 ..
855 112 909 164 5‘
939 140 995 150 ..-

138 241 429 299 Rauennates
449 251 554 280 vero
583 244 840 294 argumenta
864 237 1090 291 attuleruut
1123 251 1179 279 ex
1209 237 1299 291 ipsa
1320 250 1458 291 rerum
1488 249 1597 281 con-

139 316 314 375 ditione
328 295 590 368 desumpta,
604 309 758 366 quibus
774 309 1051 375 demonstrari
1072 310 1152 350 sibi
1171 316 1473 363 persuaserunt
1495 322 1601 352 ora·
1619 295 1641 370 [ί

140 387 278 431 tiones
305 383 490 438 seriptas
519 389 679 426 tantum
706 383 855 426 fuisse.
888 382 942 423 Et
968 391 1262 438 argumentum
1281 381 1391 436 quod
1419 384 1602 424 maxime

138 463 340 515 premunt
349 469 500 504 omnes
516 460 552 508 ¹)
568 457 660 500 hoo
678 462 765 509 est,
782 454 1058 504 Demostheni
1082 468 1106 495 o
1138 467 1189 496 us
1207 455 1340 500 fuisse
1349 456 1602 498 testimoniis

138 530 294 586 quibus
335 529 542 587 Aeschini
583 520 757 583 &imina
786 526 1003 593 probaton
1040 525 1152 572 haec
1180 533 1318 567 autem
1349 541 1433 569 non
1462 530 1602 570 omnia

144 613 244 659 eum
272 612 519 655 comparare
556 599 640 640 sibi
679 599 900 653 potuisse,
945 611 1074 653 quum
1112 600 1258 653 reliqui
1297 600 1427 654 legati
1456 606 1603 641 contra

139 673 351 755 noiffigam
394 678 531 715 testes
572 683 675 712 esse
712 671 961 724 uoluissent,
998 671 1152 725 quippe
1189 671 1260 725 qui
1288 671 1368 725 ipsi
1405 657 1594 715 eiusdem

144 744 332 799 criminis
353 744 544 803 accusari
574 742 777 784 deberent
802 742 999 782 damnato
1030 742 1261 783 Aeschine.
1320 742 1443 793 Quae
1470 745 1603 785 ratio-

116 868 119 870 ,
142 817 298 871 oiuatio
327 817 432 871 ipsis
462 816 720 858 orationibus
748 815 977 868 refutatur3
1008 820 1145 856 testes
1176 816 1284 856 enim
1315 816 1499 866 oitantur
1527 827 1604 859 oe-

144 889 226 931 teri
264 888 395 951 Ιοξ-ιιιί
434 888 530 949 plus
558 889 721 942 seme13
750 901 831 930 ueo
871 887 1155 929 testimouium
1192 900 1353 942 negare
1380 894 1456 943 pei·
1482 889 1607 946 leges

144 960 318 1025 licebat,
332 974 459 1016 quum
478 953 797 1002 Demosthenes
813 970 971 1013 eogere
986 971 1063 1000 eos
1075 965 1226 1013 posset
1238 963 1608 1010 attestarentur&
1638 993 1642 998 .

144 1022 204 1074 At
233 1032 332 1074 fleta
361 1039 405 1073 et
432 1031 540 1073 haec
568 1040 669 1072 suut
698 1030 969 1087 testimonia,
998 1030 1127 1083 inquit
1156 1030 1534 1085 Westermaunus,
1563 1038 1608 1090 et

354 1080 446 1090 „aua-...-

145 1103 226 1145 alia
255 1096 384 1146 multa
414 1102 597 1151 (Aeseh.
626 1106 662 1151 s.
690 1101 761 1143 86.
790 1105 827 1150 s.
860 1100 951 1143 143.
983 1102 1105 1143 Dem.
1138 1106 1176 1151 s.
1212 1101 1326 1153 1¹76).
1381 1102 1469 1145 Sed
1490 1104 1607 1146 siita

148 1187 280 1230 agere
310 1175 532 1226 volumus,
576 1179 622 1215 ut
651 1172 890 1214 testimonia
929 1173 1109 1215 omnium
1146 1180 1289 1216 eorum
1319 1187 1494 1230 quorum
1525 1189 1607 1218 no·

149 1247 261 1287 mina
290 1246 533 1301 ignoramus
570 1250 643 1286 aut
682 1256 790 1299 quos
826 1244 1035 1300 quomodo
1078 1245 1272 1287 Athenas
1303 1248 1607 1291 arcessiveriut

148 1323 345 1361 oratores
372 1317 613 1370 nescimus,
664 1322 874 1371 tamquam
913 1316 1011 1358 ficta
1050 1327 1093 1358 et
1121 1323 1325 1372 suspecta
1353 1319 1606 1373 reficiamus,

113 1398 116 1400 “
148 1391 281 1432 ιιιιιΙιιι
310 1391 531 1432 multarum
563 1390 823 1440 orationum,
867 1402 976 1443 quas
1014 1389 1152 1431 dictas
1181 1403 1283 1432 esse
1314 1405 1437 1433 uemo
1459 1401 1607 1448 negat,

151 1462 389 1504 testimonia
422 1459 670 1502 addubitare
698 1459 811 1502 licet.
867 1460 983 1501 Nihil
1012 1461 1142 1516 igitur
1167 1461 1251 1503 hae
1272 1463 1344 1504 via
1372 1465 1477 1505 certi
1505 1463 1609 1506 effi-

151 1535 286 1587 citur3
322 1546 404 1575 uec
433 1532 602 1574 maioris
639 1533 836 1573 momenti
866 1539 949 1585 est,
977 1532 1087 1586 quod
1117 1533 1215 1575 dioit
1246 1534 1609 1579 Westermanuus

150 1606 283 1649 multa
310 1606 453 1647 inesse
482 1594 720 1646 testimonia
761 1603 916 1658 quibus
945 1618 1056 1660 quae
1083 1605 1226 1648 aliena
1267 1607 1353 1648 siut
1386 1608 1455 1650 vel
1493 1609 1608 1653 nulia

148 1679 464 1725 confirmatione
491 1677 708 1732 indigeant
737 1679 1075 1731 comprobentur.
1134 1680 1260 1721 Hune
1297 1681 1406 1722 euim
1436 1689 1611 1725 constat

146 1766 303 1796 morem
333 1753 472 1794 fuisse
500 1758 725 1802 oratorum,
749 1758 796 1793 ιιι
824 1753 1004 1804 iudices,
1032 1754 1183 1807 quibus
1200 1767 1406 1805 summam
1435 1758 1608 1801 causam

64 1846 67 1850 ¹
148 1824 261 1867 omni
291 1836 345 1865 ex
374 1828 494 1878 parte
550 1822 700 1880 robare
729 1824 795 1863 se'·
837 1835 937 1863 osse
966 1837 1049 1865 non
1069 1824 1349 1875 confidebant,
1372 1827 1497 1881 quasi
1527 1827 1609 1868 ob-

147 1903 319 1942 ruerent
358 1897 613 1941 testimoniis
655 1895 841 1950 undique
875 1898 1079 1950 arreptis,
1124 1897 1279 1951 quibus
1316 1911 1427 1953 quae
1465 1888 1605 1955 aliquo

148 1971 273 2026 modo
316 1969 370 2012 ad
409 1982 497 2022 rem
531 1969 665 2024 ipsam
695 1967 956 2022 pertinebant
986 1981 1088 2009 vera
1118 1980 1219 2011 esse
1235 1970 1400 2023 penitus
1430 1984 1611 2025 persua-

149 2042 322 2092 «terem
354 2056 436 2097 quo
478 2044 678 2083 maiorem
710 2042 835 2083 fidem
864 2046 1158 2093 compararent
1184 2041 1237 2082 iis
1268 2036 1377 2096 quae
1406 2041 1519 2084 haud
1550 2045 1609 2086 ita

147 2122 264 2156 certe
294 2113 570 2156 demonstrari
600 2120 790 2168 possent.
834 2112 901 2154 Ad
930 2113 1039 2154 hanc
1060 2112 1296 2154 ostentandi
1325 2115 1465 2168 potius
1483 2129 1608 2170 quam

147 2185 353 2242 probandi
380 2185 725 2228 consuetudinem
757 2187 882 2227 etiam
912 2184 1009 2226 illud
1041 2191 1224 2239 spectat,
1254 2186 1366 2239 quod
1396 2194 1609 2240 poetarum

147 2269 301 2301 versus
342 2257 598 2299 orationibus
629 2257 829 2315 inserunt,
867 2268 1004 2311 neque
1030 2256 1114 2296 aiio
1145 2256 1269 2298 modo
1300 2258 1608 2312 explicandum,

151 2331 191 2372 si
218 2331 278 2373 ita
307 2330 450 2373 fucum
480 2329 625 2371 facere
655 2336 875 2383 conantur,
907 2334 952 2370 ut
980 2340 1031 2370 se
1061 2329 1179 2383 ipsos
1209 2335 1345 2372 testes
1373 2338 1610 2388 praestent,

179 2569 216 2613 1)
241 2573 403 2621 Passow.
428 2577 452 2610 1.
477 2577 504 2611 l.
531 2578 677 2616 Becker.
704 2588 737 2621 p.
760 2578 857 2621 3813
881 2578 1079 2612 Westeruu.
1103 2587 1135 2620 p.
1151 2578 1215 2612 57.

180 2635 223 2677 2)
247 2635 294 2671 cf.
318 2638 354 2677 S.
380 2638 467 2672 176.
491 2628 618 2674 Aesc'tz.
654 2640 688 2683 §-
713 2628 917 2676 68.''Meier
940 2646 978 2675 et
1001 2642 1164 2676 schoeni.
1202 2641 1372 2675 attisciter
1403 2635 1554 2675 Prooess
1578 2650 1611 2684 p.

240 2699 324 2732 671.
349 2710 428 2743 sqq.
